@article{yuliana2004penggunaan,
  title={Penggunaan Teknologi Internet dalam Bisnis},
  author={Yuliana, Oviliani},
  journal={Jurnal Akuntansi dan Keuangan},
  volume={2},
  number={1},
  pages={36--52},
  year={2004}
}


---[2] belum ditulis

@article{hutahaean2016rancangan,
  title={Rancangan Bangun E-Ticket Bioskop Dengan Metode Waterfall Berbasis Web},
  author={Hutahaean, Jeperson and Purba, Evi Ariyanti},
  journal={Riau Journal Of Computer Science},
  volume={2},
  number={2},
  pages={51--58},
  year={2016}
}

@article{masuara2015rancang,
  title={Rancang Bangun E-Ticketing Bioskop Studio 21 Manado Berbasis Multiplatform},
  author={Masuara, Rivaldi and Sengkey, Rizal and Tulenan, Virginia},
  journal={Jurnal Teknik Elektro dan Komputer},
  volume={4},
  number={2},
  pages={41--55},
  year={2015}
}

@article{sauter2015making,
  title={Making Data Flow Diagrams Accessible for Visually Impaired Students Using Excel Tables.},
  author={Sauter, Vicki L},
  journal={Journal of Information Systems Education},
  volume={26},
  number={1},
  year={2015}
}

@article{firman2016sistem,
  title={Sistem Informasi Perpustakaan Online Berbasis Web},
  author={Firman, Astria and Wowor, Hans F and Najoan, Xaverius},
  journal={Jurnal Teknik Elektro dan Komputer},
  volume={5},
  number={2},
  pages={29--36},
  year={2016}
}

==[6] belum ditulis
==[7] belum juga

@misc{karami2006factors,
  title={Factors influencing adoption of online ticketing},
  author={Karami, Mitra},
  year={2006}
}

@article{merrall2005php,
  title={PHP/MySQL Tutorial},
  author={Merrall, Graeme},
  journal={Retrieved January},
  volume={14},
  year={2005}
}

@article{adi2006commerce,
  title={e-Commerce memahami Perdagangan Modern di dunia Maya},
  author={Adi, Nugroho},
  journal={Penerbit Informatika, Bandung},
  year={2006}
}

@article{imbar2011jurnal,
  title={Jurnal Sistem Informasi, Vol. 6 No. 2, September 2011},
  author={Imbar, Radiant Victor Penyunting},
  journal={Jurnal Sistem Informasi},
  volume={6},
  number={2},
  pages={1--107},
  year={2011},
  publisher={Jurusan Sistem Informasi Universitas Kristen Maranatha}
}

@article{trimarsiah2017analisis,
  title={Analisis dan Perancangan Website sebagai Sarana Informasi pada Lembaga Bahasa Kewirausahaan dan Komputer Akmi Baturaja},
  author={Trimarsiah, Yunita and Arafat, Muhajir},
  journal={JURNAL MATRIK},
  volume={19},
  number={1},
  pages={01--10},
  year={2017}
}

@article{santi2015implementasi,
  title={Implementasi Statistik dengan Database Mysql},
  author={Santi, Rina Candra Noor and Eniyati, Sri},
  journal={Dinamik},
  volume={20},
  number={2},
  year={2015}
}

@article{solikin2018implementasi,
  title={Implementasi E-Modul pada Program Studi Manajemen Informatika Universitas Bina Darma Berbasis Web Mobile},
  author={Solikin, Imam},
  journal={Jurnal RESTI (Rekayasa Sistem dan Teknologi Informasi)},
  volume={2},
  number={2},
  pages={492--497},
  year={2018}
}

@article{rubiati2018aplikasi,
  title={Aplikasi Informasi Pelayanan Fitness Pada Golden Fitness Center Dumai Dengan Bahasa Pemrograman Php},
  author={Rubiati, Nur},
  journal={INFORMATIKA},
  volume={10},
  number={1},
  pages={1--6},
  year={2018}
}

@article{rosdania2016sistem,
  title={Sistem Informasi Geografi Batas Wilayah Kampus Universitas Mulawarman Menggunakan Google Maps API},
  author={Rosdania, Rosdania and Agus, Fahrul and Kridalaksana, Awang Harsa},
  journal={Informatika Mulawarman: Jurnal Ilmiah Ilmu Komputer},
  volume={10},
  number={1},
  pages={38--46},
  year={2016}
}

@article{lestari2016klasifikasi,
  title={Klasifikasi online dan google},
  author={Lestari, Irma Devi},
  year={2016}
}

@article{astutik2019analisis,
  title={Analisis Kesalahan Siswa Dalam Menyelesaikan Soal Cerita Aritmatika Sosial},
  author={Astutik, Yuni and Nuriyatin, Siti},
  journal={Jurnal Pendidikan Matematika},
  volume={4},
  number={2},
  year={2019}
}

@article{crespo2016online,
  title={Online airline ticket purchasing: Influence of online sales promotion type and Internet experience},
  author={Crespo-Almendros, Esmeralda and Del Barrio-Garc{\'\i}a, S},
  journal={Journal of Air Transport Management},
  volume={53},
  pages={23--34},
  year={2016},
  publisher={Elsevier}
}

@inproceedings{xiong2017dfdvis,
  title={DFDVis: A Visual Analytics System for Understanding the Semantics of Data Flow Diagram},
  author={Xiong, Hao and Zhang, Haocheng and Dong, Xiaoju and Meng, Lingxi and Zhao, Wenyang},
  booktitle={International Conference of Pioneering Computer Scientists, Engineers and Educators},
  pages={660--673},
  year={2017},
  organization={Springer}
}

@article{sovia2017membangun,
  title={Membangun Aplikasi E-Library Menggunakan Html, Php Script, Dan Mysql Database},
  author={Sovia, Rini and Febio, Jimmy},
  journal={Jurnal Processor},
  volume={6},
  number={2},
  year={2017}
}